@article{Asawa:2008:TDT,
    title = "Thermal design tool for outdoor spaces based on heat balance
simulation using a 3D-CAD system",
    author = "Takashi Asawa, Akira Hoyanob, Kazuaki Nakaohkubo",
    journal = "Building and Environment",
    volume = "43",
    number = "1",
    month = Dec, 
    year = "2007",
    pages = "2112--2123",
  }

